% Please add your references to here

@inproceedings{lee2020nailz,
  title={Nailz: Sensing Hand Input with Touch Sensitive Nails},
  author={Lee, DoYoung and Lee, SooHwan and Oakley, Ian},
  booktitle={Proceedings of the 2020 CHI Conference on Human Factors in Computing Systems},
  pages={1--13},
  year={2020}
}
